%% ---------------------------------------------------------------
%% biblatex-ieee --- A biblatex implementation of the IEEE 
%%   bibliography style
%% Maintained by Joseph Wright
%% E-mail: joseph.wright at morningstar2.co.uk
%% Released under the LaTeX Project Public License v1.3c or later
%% See http://www.latex-project.org/lppl.txt
%% ---------------------------------------------------------------
%% 

% The example here are all taken from "IEEEexample.bib", part of the
% IEEEttran bundle which provides official support for IEEE journals.
% The entries have been modified to follow the conventions introduced
% by biblatex. The keys have been retained to allow direct comparison
% of the two approaches.

\usepackage{hyperref}


@article{AMS,
  title = "Towards Understanding the Origin of Cosmic-Ray Positrons",
  author = "M. Aguilar and others",
  journal = "Phys. Rev. Lett.",
  volume = "122",
  year = "2019",
  doi = "10.1103/PhysRevLett.122.041102",
}


@article{Alwall:2007st,
      author         = "Alwall, Johan and Demin, Pavel and de Visscher, Simon and
                        Frederix, Rikkert and Herquet, Michel and Maltoni, Fabio and Plehn, Tilman and Rainwater,
                        David L. and Stelzer, Tim",
      title          = "{MadGraph/MadEvent} v4: the new web generation",
      journal        = "JHEP",
      volume         = "09",
      pages          = "028",
      doi            = "10.1088/1126-6708/2007/09/028",
      year           = "2007",
      eprint         = "0706.2334",
      archivePrefix  = "arXiv",
      primaryClass   = "hep-ph",
      reportNumber   = "SLAC-PUB-12603, CP3-07-17",
      SLACcitation   = "%%CITATION = ARXIV:0706.2334;%%",                                                                       
}

@Article{deFavereau2014,
author="{The DELPHES 3 collaboration}
and de Favereau, J.
and Delaere, C.
and Demin, P.
and Giammanco, A.
and Lema{\^i}tre, V.
and Mertens, A.
and Selvaggi, M.",
title="DELPHES 3: a modular framework for fast simulation of a generic collider experiment",
journal="Journal of High Energy Physics",
year="2014",
month="Feb",
day="13",
volume="2014",
number="2",
pages="57",
issn="1029-8479",
doi="10.1007/JHEP02(2014)057",
url="https://doi.org/10.1007/JHEP02(2014)057"
}



%% 
%% Copyright (C) 2011-2013,2015,2016 by
%%   Joseph Wright <joseph.wright at morningstar2.co.uk>
%% 
%% It may be distributed and/or modified under the conditions of
%% the LaTeX Project Public License (LPPL), either version 1.3c of
%% this license or (at your option) any later version.  The latest
%% version of this license is in the file:
%% 
%%    http://www.latex-project.org/lppl.txt
%% 
%% This work is "maintained" (as per LPPL maintenance status) by
%%   Joseph Wright.
%% 
%% This work consists of the files biblatex-ieee.bib,
%%                                 biblatex-ieee.tex,
%%                                 ieee.bbx,
%%                                 ieee.cbx,
%%                                 ieee-alphabetic.bbx and
%%                                 ieee-alphabetic.cbx,
%%           and the derived files biblatex-ieee.pdf and
%%                                 biblatex-ieee-alphabetic.pdf.
%% 
%%
%% End of file `biblatex-ieee.bib'.